<record><leader>00000cas a22000007a 4500</leader><controlfield tag="001">22649722</controlfield><controlfield tag="008">901108d193019uunyuer ne      0    0eng d</controlfield><datafield ind1=" " ind2=" " tag="010"><subfield code="a">sn 90066328 </subfield></datafield><datafield ind1=" " ind2=" " tag="040"><subfield code="a">NYS</subfield><subfield code="b">eng</subfield><subfield code="c">NYS</subfield><subfield code="d">OCLCQ</subfield></datafield><datafield ind1="0" ind2=" " tag="041"><subfield code="a">engyid</subfield></datafield><datafield ind1=" " ind2=" " tag="042"><subfield code="a">msc</subfield></datafield><datafield ind1="0" ind2="4" tag="245"><subfield code="a">The Mountain hotelman.</subfield></datafield><datafield ind1=" " ind2=" " tag="260"><subfield code="a">Ellenville, N.Y. :</subfield><subfield code="b">Federation of Hotelmen Assn. of Sullivan, Ulster, and Adjoining Counties,</subfield><subfield code="c">1930-</subfield></datafield><datafield ind1=" " ind2=" " tag="300"><subfield code="a">v.</subfield></datafield><datafield ind1=" " ind2=" " tag="310"><subfield code="a">Biweekly</subfield></datafield><datafield ind1="0" ind2=" " tag="362"><subfield code="a">Vol. 1, no. 1 (Feb. 28, 1930)-</subfield></datafield><datafield ind1=" " ind2=" " tag="546"><subfield code="a">In English and Yiddish.</subfield></datafield><datafield ind1=" " ind2="4" tag="651"><subfield code="a">Ellenville (N.Y.)</subfield><subfield code="v">Newspapers.</subfield></datafield><datafield ind1=" " ind2=" " tag="752"><subfield code="a">United States</subfield><subfield code="b">New York</subfield><subfield code="c">Ulster</subfield><subfield code="d">Ellenville.</subfield></datafield><datafield ind1="1" ind2=" " tag="029"><subfield code="a">AU@</subfield><subfield code="b">000025866217</subfield></datafield></record>